@book{book_key,
	address = {City},
	publisher = {Publisher},
	author = {Smith, John},
	title = {Book title},
	year = {2012},
	volume = {3},
	series = {2},
	edition = {1},
	pages = {123--200},
	month = {1}
}

@article{article_key,
	address = {City},
	publisher = {Publisher},
	author = {Smith, James},
	title = {Article title},
	year = {2013},
	volume = {14},
	number = {6},
	pages = {1--8},
	month = {3}
}

@book{Tanz,
	address = {Asslar},
	publisher = {adeo},
	author = {Rohr, Richard and Morell, Mike},
	title = {Der göttliche Tanz},
	year = {2017},
	volume = {},
	series = {},
	edition = {1},
	pages = {},
	month = {}
}

@book{KHH,
	address = {Bern},
	publisher = {Berchthold Haller Verlag},
	author = {Käthi Hohl-Hauser},
	title = {augenblicke deiner nähe},
	year = {1992},
	volume = {},
	series = {},
	edition = {1},
	pages = {},
	month = {}
}

@book{FR-heute,
	address = {Freiburg i. Br.},
	publisher = {Herder},
	author = {Frère Roger},
	title = {Jeder Tag ein Heute Gottes},
	subtitle = {ein Jahresbegleitbuch},
	year = {1992},
	volume = {},
	series = {},
	edition = {1},
	pages = {},
	month = {}
}

@book{prophet,
	address = {München},
	publisher = {Deutscher Taschenbuchverlag},
	author = {Khalil Gibran},
	title = {Der Prophet},
	subtitle = {},
	year = {2002},
	volume = {},
	series = {},
	edition = {2. Auflage der Neuübersetzung},
	pages = {},
	month = {}
}

@book{biblFrauen,
	address = {Vallendar-Schönstatt},
	publisher = {Patris Verlag},
	author = {Marie-Louise Langwald},
	title = {Frauengedanken: Begegnung mit biblischen Frauengestalten},
	subtitle = {Meditationen},
	year = {1992},
	volume = {},
	series = {},
	edition = {2. Auflage},
	pages = {},
	month = {}
}